時間,成交價,成交張數
13:30:00,170.0,4344
13:25:00,170.0,20
13:24:55,170.5,68
13:24:50,170.5,19
13:24:45,170.0,38
13:24:40,170.0,48
13:24:35,170.0,19
13:24:30,170.0,29
13:24:25,170.0,44
13:24:20,170.0,18
13:24:15,170.0,40
13:24:10,170.0,122
13:24:05,170.5,31
13:24:00,170.0,45
13:23:55,170.0,43
13:23:50,170.5,16
13:23:45,170.0,26
13:23:40,170.0,20
13:23:35,170.0,46
13:23:30,170.0,70
13:23:25,170.0,62
13:23:20,170.0,33
13:23:15,170.0,38
13:23:10,170.5,46
13:23:05,170.0,26
13:23:00,170.5,39
13:22:55,170.5,25
13:22:50,170.0,16
13:22:45,170.5,15
13:22:40,170.0,21
13:22:35,170.0,8
13:22:30,170.0,30
13:22:25,170.0,33
13:22:20,170.0,17
13:22:15,170.0,16
13:22:10,170.0,14
13:22:05,170.5,11
13:22:00,170.0,10
13:21:55,170.0,14
13:21:50,170.5,19
13:21:45,170.0,15
13:21:40,170.0,18
13:21:35,170.5,26
13:21:30,170.0,20
13:21:25,170.5,28
13:21:20,170.0,24
13:21:15,170.0,9
13:21:10,170.5,9
13:21:05,170.0,13
13:21:00,170.0,18
13:20:55,170.0,10
13:20:50,170.5,36
13:20:45,170.0,22
13:20:40,170.0,35
13:20:35,170.0,31
13:20:30,170.0,27
13:20:25,170.0,39
13:20:20,170.0,7
13:20:15,170.0,14
13:20:10,170.5,15
13:20:05,170.0,7
13:20:00,170.0,28
13:19:55,170.0,16
13:19:50,170.0,41
13:19:45,170.0,375
13:19:40,170.0,144
13:19:35,170.5,7
13:19:30,170.5,26
13:19:25,170.0,9
13:19:20,170.0,5
13:19:15,170.0,11
13:19:10,170.5,8
13:19:05,170.0,17
13:19:00,170.5,28
13:18:55,170.5,15
13:18:50,170.0,29
13:18:45,170.5,64
13:18:40,170.5,12
13:18:35,170.0,7
13:18:30,170.0,5
13:18:25,170.0,22
13:18:20,170.0,4
13:18:15,170.5,6
13:18:10,170.5,10
13:18:05,170.5,3
13:18:00,170.5,25
13:17:55,170.0,2
13:17:50,170.5,14
13:17:45,170.5,13
13:17:40,170.5,3
13:17:35,170.5,3
13:17:30,170.0,11
13:17:25,170.0,22
13:17:20,170.5,12
13:17:10,170.5,2
13:17:05,170.0,13
13:17:00,170.0,71
13:16:55,170.5,14
13:16:50,170.0,6
13:16:45,170.5,16
13:16:40,170.5,7
13:16:35,170.5,5
13:16:30,170.0,6
13:16:25,170.0,2
13:16:20,170.5,6
13:16:15,170.0,45
13:16:10,170.0,30
13:16:05,170.0,10
13:16:00,170.0,11
13:15:55,170.5,3
13:15:50,170.5,3
13:15:45,170.0,10
13:15:40,170.5,7
13:15:35,170.5,19
13:15:30,170.0,8
13:15:25,170.5,9
13:15:20,170.5,35
13:15:15,170.0,17
13:15:10,170.0,22
13:15:05,170.5,1
13:15:00,170.0,21
13:14:50,170.5,6
13:14:45,170.0,3
13:14:40,170.5,4
13:14:35,170.5,14
13:14:30,170.0,11
13:14:25,170.5,5
13:14:20,170.0,18
13:14:15,170.5,7
13:14:10,170.0,15
13:14:05,170.0,2
13:14:00,170.0,8
13:13:50,170.5,13
13:13:45,170.0,15
13:13:40,170.0,20
13:13:35,170.5,2
13:13:30,170.0,6
13:13:25,170.0,4
13:13:20,170.0,5
13:13:15,170.5,1
13:13:10,170.0,4
13:13:05,170.5,16
13:13:00,170.0,15
13:12:55,170.5,6
13:12:45,170.5,15
13:12:40,170.5,8
13:12:35,170.0,6
13:12:30,170.0,11
13:12:25,170.0,16
13:12:20,170.0,11
13:12:15,170.0,5
13:12:10,170.0,10
13:12:05,170.0,3
13:12:00,170.0,5
13:11:55,170.0,16
13:11:50,170.0,2
13:11:45,170.0,14
13:11:35,170.0,3
13:11:30,170.0,4
13:11:25,170.5,2
13:11:20,170.0,9
13:11:10,170.0,23
13:11:05,170.0,12
13:11:00,170.0,4
13:10:55,170.0,22
13:10:50,170.0,57
13:10:45,170.0,2
13:10:40,170.5,15
13:10:35,170.5,2
13:10:30,170.0,4
13:10:25,170.5,1
13:10:20,170.5,2
13:10:15,170.0,11
13:10:10,170.0,16
13:10:05,170.5,3
13:10:00,170.0,6
13:09:55,170.5,1
13:09:45,170.5,13
13:09:40,170.0,10
13:09:30,170.0,6
13:09:25,170.0,10
13:09:20,170.0,9
13:09:15,170.5,13
13:09:10,170.0,10
13:09:05,170.0,1
13:09:00,170.0,3
13:08:55,170.0,4
13:08:50,170.0,13
13:08:45,170.0,10
13:08:40,170.0,4
13:08:35,170.0,13
13:08:30,170.0,2
13:08:25,170.5,10
13:08:20,170.0,9
13:08:15,170.5,3
13:08:10,170.0,2
13:08:05,170.0,1
13:08:00,170.0,25
13:07:50,170.0,4
13:07:45,170.0,5
13:07:35,170.0,11
13:07:30,170.0,8
13:07:25,170.0,2
13:07:20,170.0,23
13:07:15,170.0,12
13:07:10,170.5,12
13:07:05,170.0,7
13:07:00,170.0,8
13:06:55,170.0,6
13:06:45,170.0,4
13:06:40,170.0,13
13:06:35,170.0,1
13:06:30,170.0,7
13:06:25,170.0,35
13:06:20,170.0,55
13:06:15,170.5,14
13:06:10,170.5,14
13:06:00,170.0,11
13:05:50,170.5,18
13:05:45,170.0,3
13:05:40,170.0,28
13:05:35,170.0,6
13:05:30,170.0,2
13:05:25,170.5,8
13:05:20,170.0,3
13:05:15,170.0,6
13:05:10,170.0,1
13:05:05,170.0,13
13:05:00,170.0,2
13:04:55,170.0,1
13:04:50,170.0,2
13:04:40,170.0,89
13:04:35,170.0,13
13:04:30,170.0,3
13:04:25,170.5,1
13:04:20,170.0,11
13:04:15,170.5,8
13:04:10,170.5,6
13:04:05,170.0,1
13:04:00,170.5,8
13:03:55,170.5,10
13:03:45,170.5,1
13:03:40,170.0,1
13:03:35,170.0,16
13:03:30,170.5,9
13:03:25,170.0,20
13:03:20,170.0,3
13:03:15,170.5,1
13:03:10,170.5,13
13:03:05,170.0,14
13:03:00,170.0,13
13:02:55,170.0,2
13:02:50,170.0,3
13:02:45,170.0,14
13:02:40,169.5,8
13:02:35,170.0,14
13:02:30,170.0,20
13:02:25,170.0,19
13:02:20,169.5,16
13:02:15,170.0,21
13:02:10,170.0,13
13:02:05,170.0,6
13:02:00,170.0,19
13:01:55,170.0,8
13:01:50,170.0,41
13:01:45,170.0,23
13:01:40,170.0,8
13:01:35,170.0,30
13:01:30,170.0,31
13:01:25,170.0,54
13:01:20,170.0,23
13:01:15,170.0,6
13:01:10,170.0,28
13:01:05,170.5,22
13:01:00,170.0,22
13:00:55,170.0,26
13:00:50,170.0,6
13:00:45,170.0,11
13:00:40,170.0,16
13:00:35,170.0,7
13:00:30,169.5,1408
13:00:25,169.5,2
13:00:20,169.5,7
13:00:15,169.5,2
13:00:10,169.5,1
13:00:05,169.5,1
13:00:00,169.5,14
12:59:55,170.0,2
12:59:50,170.0,3
12:59:45,169.5,1
12:59:40,169.5,13
12:59:35,170.0,12
12:59:30,169.5,3
12:59:25,169.5,2
12:59:20,170.0,9
12:59:15,170.0,5
12:59:10,169.5,10
12:59:05,170.0,3
12:59:00,169.5,4
12:58:55,169.5,1
12:58:50,169.5,14
12:58:45,170.0,1
12:58:40,169.5,4
12:58:30,170.0,14
12:58:25,170.0,7
12:58:20,169.5,4
12:58:15,169.5,1
12:58:10,170.0,1
12:58:05,170.0,9
12:58:00,169.5,4
12:57:55,169.5,4
12:57:50,169.5,5
12:57:35,169.5,2
12:57:30,170.0,5
12:57:25,170.0,51
12:57:20,170.0,1
12:57:15,169.5,3
12:57:10,170.0,2
12:57:05,170.0,8
12:56:55,169.5,2
12:56:50,170.0,1
12:56:45,169.5,3
12:56:40,170.0,2
12:56:35,169.5,2
12:56:30,170.0,2
12:56:20,170.0,6
12:56:15,169.5,1
12:56:10,170.0,13
12:56:00,169.5,1
12:55:55,169.5,8
12:55:50,170.0,1
12:55:45,170.0,4
12:55:40,169.5,2
12:55:35,169.5,1
12:55:30,170.0,10
12:55:25,170.0,2
12:55:20,169.5,1
12:55:15,169.5,7
12:55:10,169.5,36
12:55:00,169.5,4
12:54:55,169.5,12
12:54:45,169.5,4
12:54:35,169.5,3
12:54:30,169.5,7
12:54:20,170.0,11
12:54:15,170.0,1
12:54:10,170.0,3
12:54:00,169.5,2
12:53:55,169.5,4
12:53:45,170.0,2
12:53:40,170.0,1
12:53:35,169.5,13
12:53:30,169.5,3
12:53:25,170.0,2
12:53:20,170.0,1
12:53:15,169.5,2
12:53:10,169.5,5
12:53:05,170.0,10
12:53:00,169.5,10
12:52:55,170.0,8
12:52:50,170.0,2
12:52:45,170.0,2
12:52:40,169.5,17
12:52:35,170.0,8
12:52:30,169.5,23
12:52:20,170.0,1
12:52:15,170.0,1
12:52:10,169.5,4
12:52:05,170.0,11
12:52:00,169.5,5
12:51:55,169.5,4
12:51:50,169.5,4
12:51:45,170.0,1
12:51:40,170.0,20
12:51:30,169.5,4
12:51:20,170.0,2
12:51:15,170.0,14
12:51:10,170.0,30
12:51:05,170.0,6
12:51:00,169.5,9
12:50:55,169.5,1
12:50:50,170.0,2
12:50:35,169.5,4
12:50:30,169.5,3
12:50:25,170.0,18
12:50:20,170.0,8
12:50:15,170.0,45
12:50:10,170.0,9
12:50:05,169.5,29
12:50:00,169.5,12
12:49:55,170.0,13
12:49:50,170.0,8
12:49:45,170.0,6
12:49:40,170.0,5
12:49:35,170.0,8
12:49:30,169.5,55
12:49:25,170.0,35
12:49:20,169.5,99
12:49:15,170.0,6
12:49:10,170.0,28
12:49:05,169.5,7
12:49:00,170.0,13
12:48:55,170.0,19
12:48:50,170.0,5
12:48:45,169.5,2
12:48:40,170.0,20
12:48:35,170.0,30
12:48:30,169.5,3
12:48:20,170.0,32
12:48:15,170.0,17
12:48:05,170.0,3
12:48:00,169.5,15
12:47:55,170.0,10
12:47:50,170.0,31
12:47:45,170.0,2
12:47:40,170.0,1
12:47:35,170.0,2
12:47:30,170.0,38
12:47:20,170.0,2
12:47:15,169.5,3
12:47:10,170.0,18
12:47:05,170.0,7
12:47:00,169.5,3
12:46:55,170.0,2
12:46:45,170.0,7
12:46:40,169.5,1
12:46:35,169.5,2
12:46:30,169.5,3
12:46:20,170.0,3
12:46:15,170.0,2
12:46:10,170.0,6
12:46:05,170.0,1
12:46:00,170.0,15
12:45:55,169.5,7
12:45:50,170.0,42
12:45:40,170.0,1
12:45:30,169.5,2
12:45:20,170.0,5
12:45:15,169.5,3
12:45:10,170.0,1
12:45:05,170.0,2
12:45:00,170.0,9
12:44:55,170.0,3
12:44:50,170.0,8
12:44:45,170.0,1
12:44:40,170.0,4
12:44:35,170.0,3
12:44:30,169.5,4
12:44:20,170.0,1
12:44:15,170.0,5
12:44:00,169.5,8
12:43:55,169.5,3
12:43:50,170.0,7
12:43:45,169.5,29
12:43:40,170.0,35
12:43:35,170.0,1
12:43:30,169.5,6
12:43:25,170.0,11
12:43:15,170.0,4
12:43:10,170.0,5
12:43:05,170.0,2
12:43:00,169.5,2
12:42:55,169.5,8
12:42:35,169.5,2
12:42:30,169.5,5
12:42:25,170.0,3
12:42:20,170.0,4
12:42:15,170.0,8
12:42:10,170.0,8
12:42:05,170.0,4
12:42:00,169.5,2
12:41:55,170.0,8
12:41:45,170.0,1
12:41:40,170.0,7
12:41:35,170.0,8
12:41:30,169.5,4
12:41:20,170.0,7
12:41:15,170.0,16
12:41:00,169.5,6
12:40:55,170.0,1
12:40:50,170.0,1
12:40:45,169.5,2
12:40:40,170.0,5
12:40:35,169.5,3
12:40:30,169.5,8
12:40:25,170.0,2
12:40:20,170.0,10
12:40:15,170.0,2
12:40:10,170.0,2
12:40:00,169.5,21
12:39:55,169.5,2
12:39:50,170.0,7
12:39:45,170.0,1
12:39:40,170.0,2
12:39:35,170.0,2
12:39:30,169.5,2
12:39:25,170.0,10
12:39:20,170.0,8
12:39:15,170.0,8
12:39:10,170.0,2
12:39:05,170.0,9
12:39:00,170.0,4
12:38:55,170.0,8
12:38:50,170.0,5
12:38:45,170.0,9
12:38:40,170.0,75
12:38:35,170.0,8
12:38:30,170.0,5
12:38:15,170.0,1
12:38:10,170.0,9
12:38:05,170.5,1
12:38:00,170.0,11
12:37:55,170.5,8
12:37:50,170.0,2
12:37:45,170.0,3
12:37:40,170.0,3
12:37:35,170.0,3
12:37:30,170.0,3
12:37:25,170.0,9
12:37:20,170.0,2
12:37:15,170.0,9
12:37:10,170.0,4
12:37:00,170.0,9
12:36:55,170.0,7
12:36:50,170.0,4
12:36:45,170.5,1
12:36:40,170.0,4
12:36:35,170.0,4
12:36:30,170.0,3
12:36:25,170.0,2
12:36:20,170.0,2
12:36:10,170.0,2
12:36:05,170.0,2
12:35:55,170.0,3
12:35:45,170.0,22
12:35:40,170.0,18
12:35:35,170.0,12
12:35:30,170.0,156
12:35:25,169.5,2
12:35:20,170.0,1
12:35:15,170.0,5
12:35:05,170.0,1
12:35:00,169.5,9
12:34:55,170.0,2
12:34:40,169.5,1
12:34:35,170.0,6
12:34:30,170.0,7
12:34:25,169.5,1
12:34:20,170.0,3
12:34:15,170.0,1
12:34:10,169.5,9
12:34:05,170.0,19
12:34:00,169.5,2
12:33:55,170.0,6
12:33:50,170.0,1
12:33:45,170.0,1
12:33:35,170.0,3
12:33:30,169.5,6
12:33:25,170.0,3
12:33:20,170.0,1
12:33:15,169.5,2
12:33:05,169.5,6
12:33:00,169.5,23
12:32:55,170.0,97
12:32:50,170.0,3
12:32:45,170.0,8
12:32:40,170.0,2
12:32:35,170.0,10
12:32:30,170.0,65
12:32:25,170.0,2
12:32:20,170.0,1
12:32:15,170.0,1
12:32:10,170.0,10
12:32:05,170.0,4
12:32:00,170.0,8
12:31:55,170.0,2
12:31:50,170.0,7
12:31:45,170.0,1
12:31:35,170.0,3
12:31:30,170.0,5
12:31:25,170.0,1
12:31:20,170.0,12
12:31:15,170.0,6
12:31:10,170.0,18
12:31:05,170.0,2
12:31:00,170.0,5
12:30:55,170.0,1
12:30:50,170.0,1
12:30:45,170.0,9
12:30:40,170.0,2
12:30:35,170.0,20
12:30:30,170.0,8
12:30:25,170.5,5
12:30:20,170.0,7
12:30:15,170.0,2
12:30:10,170.0,36
12:30:05,170.0,941
12:30:00,169.5,7
12:29:55,169.5,7
12:29:50,169.5,2
12:29:45,169.5,7
12:29:40,170.0,2
12:29:30,169.5,5
12:29:25,169.5,3
12:29:20,169.5,4
12:29:15,169.5,2
12:29:10,169.5,5
12:29:05,169.5,4
12:29:00,169.5,3
12:28:55,169.5,10
12:28:50,169.5,6
12:28:45,169.5,11
12:28:40,169.5,9
12:28:35,169.5,203
12:28:30,169.5,6
12:28:25,169.5,2
12:28:20,169.5,5
12:28:15,169.5,9
12:28:10,169.5,30
12:28:05,169.5,67
12:28:00,169.5,7
12:27:55,170.0,5
12:27:45,169.5,3
12:27:40,169.5,1
12:27:35,169.5,3
12:27:30,169.5,3
12:27:25,169.5,4
12:27:20,169.5,3
12:27:15,169.5,5
12:27:10,170.0,6
12:27:05,169.5,1
12:27:00,169.5,312
12:26:55,170.0,3
12:26:50,170.0,1
12:26:45,170.0,3
12:26:40,170.0,11
12:26:35,169.5,2
12:26:30,169.5,5
12:26:20,169.5,2
12:26:15,170.0,1
12:26:10,170.0,15
12:26:05,169.5,2
12:26:00,169.5,17
12:25:55,170.0,1
12:25:50,169.5,2
12:25:45,170.0,9
12:25:40,170.0,3
12:25:35,170.0,1
12:25:30,169.5,3
12:25:20,170.0,1
12:25:10,169.5,4
12:25:00,169.5,4
12:24:55,169.5,2
12:24:45,169.5,5
12:24:40,170.0,3
12:24:35,169.5,2
12:24:30,169.5,4
12:24:10,170.0,1
12:24:05,170.0,2
12:24:00,169.5,5
12:23:55,169.5,2
12:23:50,169.5,9
12:23:30,169.5,5
12:23:20,170.0,9
12:23:15,170.0,3
12:23:10,169.5,4
12:23:05,170.0,2
12:22:55,170.0,19
12:22:50,169.5,1
12:22:45,170.0,1
12:22:40,170.0,2
12:22:35,169.5,8
12:22:30,169.5,2
12:22:25,169.5,2
12:22:20,170.0,4
12:22:05,170.0,5
12:21:55,170.0,1
12:21:50,169.5,9
12:21:45,169.5,2
12:21:40,169.5,2
12:21:35,169.5,3
12:21:25,169.5,4
12:21:20,169.5,1
12:21:10,169.5,2
12:21:00,169.5,2
12:20:55,169.5,3
12:20:45,170.0,1
12:20:30,169.5,8
12:20:20,169.5,3
12:20:05,169.5,3
12:20:00,169.5,2
12:19:50,169.5,3
12:19:45,170.0,1
12:19:30,169.5,3
12:19:20,170.0,1
12:19:10,169.5,2
12:19:05,170.0,5
12:19:00,169.5,3
12:18:55,170.0,3
12:18:50,170.0,24
12:18:45,169.5,64
12:18:40,170.0,11
12:18:35,170.0,111
12:18:30,170.0,30
12:18:25,170.0,43
12:18:20,170.0,4
12:18:15,170.0,12
12:18:10,170.0,20
12:18:05,170.0,19
12:18:00,170.0,30
12:17:55,170.0,60
12:17:50,170.0,12
12:17:45,170.0,3
12:17:40,170.5,13
12:17:35,170.0,6
12:17:30,170.0,30
12:17:25,170.0,16
12:17:20,170.0,14
12:17:15,170.0,18
12:17:10,170.0,4
12:17:05,170.0,5
12:17:00,170.0,6
12:16:55,170.0,13
12:16:50,170.0,2
12:16:45,170.0,13
12:16:40,170.0,2
12:16:35,170.0,1
12:16:30,170.0,13
12:16:25,170.0,7
12:16:20,170.0,5
12:16:15,170.0,2
12:16:10,170.0,6
12:16:05,170.0,2
12:16:00,170.0,9
12:15:55,170.0,50
12:15:50,170.0,22
12:15:40,170.0,6
12:15:35,170.0,10
12:15:30,170.0,4
12:15:25,170.0,13
12:15:20,170.0,15
12:15:15,170.0,30
12:15:10,170.0,8
12:15:05,170.0,15
12:15:00,170.0,20
12:14:55,170.0,75
12:14:50,170.0,78
12:14:45,170.0,7
12:14:40,170.0,3
12:14:35,170.0,7
12:14:30,170.0,7
12:14:25,170.0,2
12:14:20,170.0,63
12:14:15,170.0,29
12:14:10,170.0,10
12:14:05,170.0,20
12:14:00,170.0,20
12:13:55,170.0,4
12:13:50,170.0,18
12:13:45,170.0,59
12:13:40,170.0,3
12:13:35,170.0,6
12:13:30,170.5,8
12:13:25,170.0,13
12:13:20,170.0,8
12:13:15,170.0,77
12:13:10,170.0,4
12:13:05,170.0,8
12:13:00,170.0,9
12:12:55,170.0,1
12:12:50,170.0,10
12:12:45,170.0,22
12:12:35,170.5,4
12:12:30,170.0,18
12:12:20,170.0,7
12:12:15,170.0,5
12:12:10,170.0,2
12:12:00,170.0,3
12:11:55,170.0,2
12:11:50,170.0,9
12:11:45,170.0,1
12:11:40,170.0,1
12:11:35,170.0,5
12:11:30,170.0,7
12:11:25,170.0,5
12:11:20,170.0,7
12:11:15,170.0,4
12:11:10,170.0,3
12:11:05,170.0,2
12:11:00,170.0,4
12:10:50,170.0,1
12:10:45,170.0,4
12:10:40,170.0,5
12:10:35,170.0,8
12:10:30,170.0,15
12:10:25,170.0,1
12:10:10,170.0,6
12:10:05,170.0,2
12:10:00,170.0,7
12:09:55,170.0,1
12:09:50,170.5,46
12:09:45,170.0,4
12:09:40,170.0,1
12:09:35,170.0,3
12:09:30,170.0,5
12:09:25,170.0,1
12:09:20,170.0,2
12:09:15,170.0,3
12:09:10,170.0,5
12:09:05,170.0,2
12:09:00,170.0,6
12:08:55,170.0,1
12:08:50,170.0,3
12:08:45,170.0,5
12:08:40,170.0,44
12:08:35,170.0,7
12:08:30,170.0,4
12:08:25,170.0,3
12:08:20,170.0,7
12:08:15,170.0,3
12:08:10,170.0,4
12:08:05,170.0,4
12:08:00,170.0,7
12:07:55,170.0,1
12:07:50,170.0,11
12:07:45,170.0,2
12:07:40,170.0,9
12:07:35,170.0,22
12:07:30,170.0,5
12:07:25,170.0,8
12:07:20,170.0,3
12:07:15,170.0,3
12:07:10,170.0,7
12:07:05,170.5,2
12:07:00,170.0,9
12:06:55,170.0,8
12:06:50,170.0,106
12:06:40,170.0,20
12:06:35,170.0,3
12:06:30,170.0,12
12:06:20,170.0,1
12:06:15,170.0,5
12:06:05,170.0,1
12:06:00,170.0,12
12:05:55,170.0,5
12:05:50,170.0,2
12:05:45,170.0,1
12:05:40,170.5,22
12:05:30,170.0,5
12:05:25,170.0,6
12:05:20,170.0,5
12:05:15,170.0,2
12:05:10,170.0,11
12:05:05,170.0,1
12:05:00,170.0,5
12:04:55,170.5,3
12:04:50,170.5,2
12:04:45,170.0,8
12:04:40,170.0,10
12:04:30,170.0,6
12:04:20,170.0,2
12:04:15,170.0,2
12:04:10,170.0,5
12:04:05,170.0,7
12:04:00,170.0,3
12:03:55,170.0,1
12:03:50,170.0,4
12:03:45,170.5,59
12:03:40,170.0,3
12:03:35,170.5,1
12:03:30,170.0,2
12:03:25,170.0,2
12:03:20,170.0,3
12:03:10,170.0,4
12:03:00,170.0,4
12:02:55,170.0,1
12:02:50,170.5,2
12:02:40,170.0,2
12:02:30,170.0,8
12:02:25,170.0,5
12:02:20,170.0,8
12:02:15,170.0,2
12:02:10,170.5,2
12:02:05,170.0,3
12:02:00,170.0,5
12:01:55,170.0,2
12:01:50,170.0,12
12:01:45,170.5,3
12:01:40,170.0,3
12:01:30,170.0,7
12:01:25,170.0,10
12:01:20,170.0,2
12:01:15,170.0,2
12:01:10,170.0,3
12:01:05,170.0,2
12:01:00,170.0,3
12:00:55,170.0,2
12:00:50,170.5,2
12:00:45,170.0,2
12:00:40,170.5,1
12:00:35,170.0,8
12:00:30,170.0,7
12:00:20,170.0,1
12:00:15,170.0,11
12:00:05,170.0,1
12:00:00,170.0,5
11:59:55,170.0,15
11:59:50,170.0,3
11:59:45,170.0,2
11:59:40,170.0,4
11:59:30,170.0,3
11:59:25,170.0,2
11:59:15,170.5,2
11:59:10,170.0,105
11:59:05,170.0,3
11:59:00,170.0,11
11:58:55,170.0,1
11:58:50,170.0,6
11:58:45,170.0,1
11:58:40,170.5,2
11:58:35,170.0,5
11:58:30,170.0,6
11:58:25,170.0,4
11:58:15,170.0,7
11:58:10,170.0,1
11:58:05,170.5,3
11:58:00,170.5,6
11:57:55,170.0,1
11:57:50,170.0,2
11:57:40,170.0,4
11:57:35,170.5,3
11:57:30,170.0,5
11:57:25,170.0,1
11:57:20,170.0,6
11:57:15,170.5,1
11:57:10,170.0,10
11:57:05,170.0,1
11:57:00,170.0,2
11:56:55,170.0,4
11:56:50,170.0,3
11:56:45,170.0,5
11:56:40,170.0,6
11:56:35,170.0,7
11:56:30,170.0,7
11:56:25,170.0,1
11:56:20,170.0,15
11:56:15,170.0,15
11:56:10,170.0,2
11:56:05,170.0,2
11:56:00,170.0,8
11:55:55,170.0,11
11:55:50,170.0,5
11:55:45,170.0,1
11:55:35,170.0,2
11:55:30,170.0,2
11:55:25,170.0,7
11:55:15,170.0,6
11:55:10,170.0,8
11:55:05,170.0,1
11:55:00,170.0,4
11:54:55,170.0,1
11:54:50,170.5,2
11:54:45,170.0,4
11:54:40,170.0,1
11:54:35,170.5,1
11:54:30,170.0,4
11:54:25,170.5,3
11:54:20,170.5,12
11:54:15,170.0,3
11:54:10,170.0,1
11:54:05,170.0,6
11:54:00,170.0,5
11:53:55,170.0,12
11:53:50,170.0,4
11:53:45,170.0,4
11:53:35,170.0,1
11:53:30,170.0,7
11:53:20,170.0,1
11:53:15,170.0,4
11:53:10,170.0,5
11:53:05,170.0,5
11:53:00,170.0,7
11:52:50,170.5,3
11:52:45,170.0,6
11:52:40,170.0,1
11:52:35,170.0,1
11:52:30,170.0,7
11:52:25,170.0,14
11:52:20,170.0,2
11:52:15,170.5,4
11:52:10,170.0,12
11:52:05,170.0,2
11:52:00,170.0,4
11:51:50,170.0,7
11:51:45,170.0,8
11:51:40,170.0,3
11:51:35,170.0,3
11:51:30,170.0,9
11:51:25,170.0,3
11:51:20,170.0,1
11:51:15,170.0,4
11:51:10,170.0,1
11:51:05,170.0,2
11:51:00,170.0,4
11:50:55,170.0,9
11:50:50,170.0,6
11:50:45,170.0,1
11:50:40,170.0,8
11:50:35,170.0,1
11:50:30,170.0,5
11:50:25,170.0,2
11:50:20,170.5,3
11:50:15,170.0,2
11:50:10,170.5,5
11:50:05,170.0,12
11:50:00,170.0,3
11:49:55,170.0,1
11:49:50,170.0,9
11:49:45,170.0,6
11:49:40,170.0,5
11:49:35,170.0,7
11:49:30,170.0,3
11:49:20,170.0,2
11:49:15,170.0,2
11:49:10,170.0,2
11:49:05,170.0,2
11:49:00,170.5,31
11:48:50,170.0,1
11:48:45,170.0,2
11:48:40,170.0,5
11:48:35,170.5,3
11:48:30,170.0,2
11:48:25,170.0,3
11:48:20,170.0,15
11:48:10,170.0,4
11:48:05,170.0,8
11:48:00,170.0,4
11:47:55,170.0,5
11:47:50,170.0,1
11:47:45,170.0,7
11:47:40,170.0,6
11:47:35,170.0,3
11:47:30,170.0,7
11:47:25,170.0,5
11:47:20,170.0,8
11:47:10,170.0,6
11:47:05,170.0,7
11:47:00,170.0,5
11:46:55,170.0,2
11:46:50,170.0,3
11:46:45,170.0,3
11:46:40,170.0,7
11:46:35,170.0,2
11:46:30,170.0,4
11:46:25,170.5,4
11:46:20,170.0,9
11:46:15,170.0,5
11:46:10,170.0,6
11:46:00,170.0,7
11:45:55,170.5,4
11:45:50,170.5,6
11:45:45,169.5,4
11:45:40,170.0,16
11:45:35,170.0,6
11:45:30,170.0,4
11:45:25,170.0,10
11:45:20,170.0,6
11:45:15,170.0,5
11:45:10,170.0,14
11:45:05,170.0,8
11:45:00,170.0,12
11:44:55,170.0,10
11:44:50,170.0,7
11:44:45,170.0,7
11:44:35,170.0,4
11:44:30,170.0,18
11:44:25,170.0,4
11:44:20,170.0,3
11:44:15,170.0,6
11:44:10,170.0,9
11:44:05,170.0,7
11:44:00,170.0,4
11:43:50,170.0,3
11:43:45,170.0,5
11:43:35,170.0,6
11:43:30,170.0,8
11:43:25,170.0,2
11:43:20,170.0,13
11:43:15,170.0,10
11:43:10,170.0,2
11:43:05,170.0,4
11:43:00,170.0,9
11:42:55,170.0,7
11:42:50,170.0,7
11:42:45,170.0,4
11:42:40,170.0,9
11:42:35,170.0,16
11:42:30,169.5,25
11:42:25,170.0,17
11:42:20,170.0,6
11:42:15,170.0,17
11:42:10,170.0,27
11:42:05,170.0,10
11:42:00,170.0,6
11:41:55,170.0,9
11:41:50,170.0,3
11:41:45,170.0,52
11:41:40,170.0,6
11:41:35,170.0,11
11:41:30,170.0,3
11:41:25,170.0,1
11:41:20,170.0,1
11:41:15,170.0,7
11:41:10,170.0,2
11:41:05,170.5,3
11:41:00,170.0,5
11:40:55,170.0,2
11:40:50,170.0,4
11:40:45,170.0,11
11:40:35,170.0,6
11:40:30,170.0,11
11:40:25,170.0,14
11:40:20,170.0,2
11:40:15,170.0,2
11:40:10,170.0,17
11:40:05,170.0,1
11:40:00,170.0,2
11:39:55,170.0,3
11:39:50,170.0,5
11:39:45,170.0,10
11:39:40,170.0,3
11:39:35,170.0,13
11:39:30,170.0,16
11:39:25,170.0,18
11:39:20,170.0,103
11:39:15,170.0,13
11:39:10,170.0,4
11:39:05,170.0,31
11:39:00,170.0,6
11:38:55,170.0,6
11:38:50,170.0,4
11:38:45,170.0,3
11:38:40,170.0,1
11:38:35,170.0,7
11:38:30,170.0,5
11:38:25,170.0,6
11:38:20,170.0,8
11:38:05,170.0,4
11:38:00,170.0,4
11:37:55,170.0,4
11:37:50,170.0,3
11:37:45,170.5,4
11:37:35,170.0,6
11:37:30,170.0,27
11:37:25,170.0,2
11:37:20,170.0,4
11:37:15,170.0,2
11:37:10,170.0,33
11:37:05,170.0,14
11:37:00,170.0,40
11:36:55,170.0,19
11:36:50,170.0,790
11:36:45,169.5,12
11:36:40,169.5,22
11:36:35,169.5,4
11:36:30,169.5,3
11:36:25,169.5,2
11:36:20,170.0,1
11:36:15,170.0,11
11:36:10,169.5,1
11:36:00,169.5,4
11:35:55,169.5,2
11:35:50,169.5,4
11:35:45,169.5,13
11:35:40,169.5,6
11:35:35,169.5,2
11:35:30,169.5,2
11:35:25,170.0,2
11:35:20,170.0,2
11:35:10,169.5,1
11:35:05,170.0,37
11:35:00,169.5,70
11:34:55,169.5,4
11:34:50,169.0,10
11:34:45,169.5,3
11:34:40,169.5,4
11:34:35,169.0,6
11:34:30,169.0,3
11:34:25,169.0,4
11:34:20,169.5,3
11:34:15,169.5,11
11:34:10,169.5,4
11:34:05,169.5,6
11:34:00,169.0,6
11:33:55,169.5,1
11:33:50,169.5,5
11:33:45,169.5,3
11:33:35,169.5,3
11:33:30,169.0,2
11:33:25,169.5,6
11:33:20,169.5,5
11:33:15,169.0,9
11:33:10,169.5,68
11:33:05,170.0,14
11:33:00,169.5,9
11:32:55,169.5,93
11:32:50,169.0,305
11:32:45,169.5,2
11:32:40,170.0,21
11:32:35,170.0,3
11:32:30,169.5,28
11:32:25,170.0,5
11:32:15,170.0,1
11:32:10,170.0,2
11:32:05,170.0,1
11:32:00,169.5,9
11:31:55,170.0,4
11:31:50,170.0,43
11:31:45,170.0,14
11:31:40,170.0,16
11:31:35,170.0,2
11:31:30,169.5,5
11:31:25,170.0,3
11:31:20,170.0,4
11:31:15,170.0,2
11:31:10,170.0,9
11:31:05,170.0,8
11:31:00,170.0,10
11:30:55,170.0,8
11:30:50,170.0,7
11:30:45,170.0,13
11:30:40,170.0,41
11:30:35,170.0,19
11:30:30,169.5,9
11:30:25,170.0,9
11:30:20,169.5,4
11:30:15,170.0,3
11:30:10,170.0,13
11:30:05,170.0,12
11:30:00,169.5,12
11:29:55,170.0,13
11:29:50,170.0,9
11:29:45,170.0,19
11:29:40,170.0,17
11:29:35,170.0,9
11:29:30,170.0,13
11:29:25,170.0,13
11:29:20,170.0,16
11:29:15,170.0,24
11:29:10,170.0,47
11:29:05,170.0,2825
11:29:00,169.0,11
11:28:55,169.0,37
11:28:50,168.5,2
11:28:45,169.0,1
11:28:40,168.5,2
11:28:30,168.5,6
11:28:25,169.0,5
11:28:20,169.0,3
11:28:15,169.0,3
11:28:10,169.0,2
11:28:05,169.0,1
11:28:00,168.5,3
11:27:55,169.0,1
11:27:50,169.0,1
11:27:45,169.0,4
11:27:40,169.0,1
11:27:35,169.0,2
11:27:30,168.5,14
11:27:25,169.0,18
11:27:20,168.5,3
11:27:15,169.0,31
11:27:10,169.0,10
11:27:05,169.0,4
11:27:00,168.5,15
11:26:55,168.5,14
11:26:50,169.0,22
11:26:45,169.0,23
11:26:40,169.0,5
11:26:30,168.5,2
11:26:25,168.5,6
11:26:20,168.5,6
11:26:15,169.0,4
11:26:10,169.0,1
11:26:05,169.0,1
11:26:00,168.5,5
11:25:55,169.0,3
11:25:50,169.0,1
11:25:45,169.0,14
11:25:40,168.5,19
11:25:35,169.0,45
11:25:30,168.5,3
11:25:25,169.0,5
11:25:20,169.0,27
11:25:15,169.0,5
11:25:10,169.0,35
11:25:05,169.0,8
11:25:00,168.5,5
11:24:50,169.0,9
11:24:45,169.0,4
11:24:40,169.0,6
11:24:35,169.0,5
11:24:30,168.5,4
11:24:25,168.5,13
11:24:20,168.5,5
11:24:15,169.0,6
11:24:10,168.5,1
11:24:05,168.5,7
11:24:00,168.5,9
11:23:55,169.0,5
11:23:50,168.5,3
11:23:45,168.5,3
11:23:40,168.5,1
11:23:35,168.5,7
11:23:30,168.5,13
11:23:25,169.0,10
11:23:20,168.5,116
11:23:15,168.5,5
11:23:10,168.5,12
11:23:05,168.5,5
11:23:00,168.5,12
11:22:55,168.5,5
11:22:50,168.5,21
11:22:45,168.5,13
11:22:40,168.5,23
11:22:35,168.5,45
11:22:30,168.5,7
11:22:25,168.5,16
11:22:20,168.5,6
11:22:15,168.5,13
11:22:10,168.5,4
11:22:05,168.5,75
11:22:00,168.5,304
11:21:55,168.5,1
11:21:50,168.5,3
11:21:45,168.5,12
11:21:40,168.5,3
11:21:35,169.0,7
11:21:30,169.0,3
11:21:25,169.0,9
11:21:15,169.0,1
11:21:10,169.0,8
11:21:05,169.0,1
11:21:00,168.5,5
11:20:55,169.0,7
11:20:50,169.0,4
11:20:40,169.0,1
11:20:35,169.0,5
11:20:30,168.5,8
11:20:25,168.5,3
11:20:20,168.5,82
11:20:15,169.0,51
11:20:10,169.0,2
11:20:05,169.0,1
11:20:00,168.5,5
11:19:55,168.5,13
11:19:50,168.5,16
11:19:45,169.0,3
11:19:40,169.0,5
11:19:35,169.0,65
11:19:30,168.5,3
11:19:25,169.0,9
11:19:20,168.5,33
11:19:15,169.0,13
11:19:10,168.5,6
11:19:05,169.0,5
11:19:00,168.5,29
11:18:55,168.5,79
11:18:50,168.5,165
11:18:45,168.5,39
11:18:40,168.5,18
11:18:35,168.5,10
11:18:30,168.5,20
11:18:25,168.5,26
11:18:20,168.5,32
11:18:15,168.5,105
11:18:10,168.5,26
11:18:05,168.5,1944
11:18:00,168.0,7
11:17:55,168.0,10
11:17:50,168.0,3
11:17:45,167.5,16
11:17:40,167.5,7
11:17:35,167.5,19
11:17:30,168.0,20
11:17:25,168.0,3
11:17:20,167.5,30
11:17:15,168.0,2
11:17:10,168.0,2
11:17:05,167.5,3
11:17:00,167.5,9
11:16:55,167.5,2
11:16:50,167.5,9
11:16:40,167.5,1
11:16:35,168.0,19
11:16:30,167.5,56
11:16:25,167.5,11
11:16:20,167.5,5
11:16:15,167.5,50
11:16:10,167.5,17
11:16:05,167.5,20
11:16:00,167.5,9
11:15:55,167.5,6
11:15:50,167.5,17
11:15:45,167.5,5
11:15:40,167.5,38
11:15:35,167.5,16
11:15:30,167.5,17
11:15:25,167.5,116
11:15:20,167.5,62
11:15:15,167.5,61
11:15:10,167.5,72
11:15:05,167.5,869
11:15:00,167.5,162
11:14:55,167.5,145
11:14:50,167.5,105
11:14:45,167.5,224
11:14:40,167.5,200
11:14:35,167.5,35
11:14:30,167.5,93
11:14:25,167.5,413
11:14:20,167.5,17
11:14:15,167.5,33
11:14:10,168.0,25
11:14:05,167.5,2
11:14:00,167.5,29
11:13:55,168.0,46
11:13:50,168.0,14
11:13:45,167.5,52
11:13:40,167.5,52
11:13:35,167.5,241
11:13:30,168.0,95
11:13:25,168.0,12
11:13:20,167.5,6
11:13:15,167.5,14
11:13:10,167.5,11
11:13:05,167.5,10
11:13:00,167.5,28
11:12:55,168.0,6
11:12:50,167.5,11
11:12:45,167.5,13
11:12:40,168.0,15
11:12:35,167.5,49
11:12:30,167.5,44
11:12:25,168.0,16
11:12:20,168.0,21
11:12:15,168.0,18
11:12:10,167.5,18
11:12:05,168.0,3
11:12:00,167.5,29
11:11:55,167.5,15
11:11:50,168.0,13
11:11:45,167.5,9
11:11:40,167.5,21
11:11:35,167.5,19
11:11:30,167.5,12
11:11:25,167.5,22
11:11:20,167.5,52
11:11:15,167.5,32
11:11:10,168.0,11
11:11:05,167.5,25
11:11:00,167.5,41
11:10:55,167.5,17
11:10:50,168.0,67
11:10:45,168.0,31
11:10:40,168.0,29
11:10:35,168.0,7
11:10:30,168.0,53
11:10:25,168.0,46
11:10:20,168.0,74
11:10:15,167.5,48
11:10:10,168.0,7
11:10:05,168.0,19
11:10:00,168.0,30
11:09:55,168.0,6
11:09:50,167.5,16
11:09:45,167.5,5
11:09:40,168.0,17
11:09:35,168.0,8
11:09:30,168.0,12
11:09:25,168.0,20
11:09:20,167.5,50
11:09:15,168.0,9
11:09:10,168.0,12
11:09:05,168.0,89
11:09:00,168.0,35
11:08:55,167.5,1112
11:08:50,168.0,605
11:08:45,168.0,16
11:08:40,168.0,50
11:08:35,168.0,15
11:08:30,168.0,36
11:08:25,168.0,60
11:08:20,168.0,45
11:08:15,168.0,50
11:08:10,168.0,47
11:08:05,168.5,84
11:08:00,168.0,19
11:07:55,168.0,18
11:07:50,168.0,21
11:07:45,168.0,11
11:07:40,168.0,60
11:07:35,168.0,14
11:07:30,168.0,15
11:07:25,168.0,722
11:07:20,168.5,11
11:07:15,168.0,36
11:07:10,168.5,1
11:07:05,168.5,20
11:07:00,168.0,19
11:06:55,168.0,6
11:06:50,168.0,4
11:06:45,168.0,14
11:06:40,168.5,17
11:06:35,168.5,3
11:06:30,168.0,6
11:06:25,168.0,10
11:06:20,168.5,24
11:06:15,168.5,20
11:06:10,168.5,14
11:06:05,168.5,2
11:06:00,168.0,23
11:05:55,168.5,4
11:05:50,168.5,11
11:05:45,168.0,11
11:05:40,168.0,3
11:05:35,168.5,7
11:05:30,168.0,21
11:05:25,168.5,69
11:05:20,168.0,24
11:05:15,168.5,10
11:05:10,168.0,21
11:05:05,168.5,72
11:05:00,168.0,22
11:04:55,168.0,8
11:04:50,168.5,32
11:04:45,168.0,3
11:04:40,168.0,20
11:04:35,168.0,12
11:04:30,168.5,18
11:04:25,168.5,30
11:04:20,168.5,7
11:04:15,168.0,57
11:04:10,168.0,35
11:04:05,168.5,192
11:04:00,168.0,21
11:03:55,168.0,16
11:03:50,168.5,11
11:03:45,168.0,13
11:03:40,168.5,14
11:03:35,168.0,79
11:03:30,168.0,149
11:03:25,168.0,52
11:03:20,168.0,42
11:03:15,168.0,519
11:03:10,168.0,522
11:03:05,168.5,527
11:03:00,168.0,519
11:02:55,168.0,7
11:02:50,168.5,4
11:02:45,168.0,9
11:02:40,168.5,23
11:02:35,168.5,72
11:02:30,168.5,593
11:02:25,168.5,626
11:02:20,168.5,9
11:02:15,168.5,3
11:02:10,168.5,16
11:02:05,168.5,54
11:02:00,168.5,43
11:01:55,169.0,140
11:01:50,168.5,303
11:01:45,168.5,3
11:01:40,168.5,3
11:01:35,168.5,236
11:01:30,169.0,7
11:01:25,168.5,5
11:01:20,168.5,1
11:01:15,168.5,5
11:01:10,168.5,11
11:01:05,169.0,8
11:01:00,169.0,7
11:00:55,169.0,2
11:00:50,168.5,10
11:00:45,169.0,23
11:00:40,169.0,9
11:00:35,168.5,5
11:00:30,168.5,9
11:00:25,168.5,8
11:00:20,168.5,2
11:00:15,169.0,5
11:00:10,169.0,6
11:00:05,168.5,1
11:00:00,168.5,5
10:59:55,169.0,1
10:59:50,169.0,2
10:59:45,168.5,4
10:59:40,168.5,2
10:59:35,168.5,25
10:59:30,168.5,15
10:59:25,169.0,5
10:59:20,169.0,3
10:59:10,169.0,102
10:59:05,169.0,7
10:59:00,169.0,6
10:58:55,168.5,10
10:58:50,169.0,17
10:58:45,169.0,109
10:58:40,169.0,198
10:58:35,169.0,5
10:58:30,169.0,8
10:58:25,169.0,7
10:58:20,169.0,8
10:58:15,169.0,10
10:58:10,169.0,14
10:58:05,169.0,5
10:58:00,169.0,4
10:57:55,168.5,9
10:57:50,168.5,11
10:57:45,169.0,12
10:57:40,168.5,19
10:57:35,169.0,14
10:57:30,169.0,3
10:57:25,169.0,2
10:57:20,169.0,17
10:57:15,169.0,13
10:57:10,169.0,16
10:57:05,168.5,13
10:57:00,169.0,10
10:56:55,168.5,25
10:56:50,169.0,5
10:56:45,168.5,8
10:56:40,169.0,9
10:56:35,169.0,5
10:56:30,169.0,12
10:56:25,169.0,7
10:56:20,169.0,17
10:56:15,169.0,13
10:56:10,169.0,10
10:56:05,169.0,21
10:56:00,169.0,44
10:55:55,169.0,42
10:55:50,169.0,59
10:55:45,169.0,8
10:55:40,169.0,15
10:55:35,169.0,154
10:55:30,169.0,18
10:55:25,169.0,58
10:55:20,169.0,8
10:55:15,169.0,34
10:55:10,168.5,165
10:55:05,169.0,157
10:55:00,169.5,232
10:54:55,169.0,82
10:54:50,169.0,353
10:54:45,169.0,1427
10:54:40,169.5,5
10:54:35,169.5,11
10:54:30,169.5,6
10:54:25,169.0,7
10:54:20,169.0,15
10:54:15,169.5,9
10:54:10,169.5,13
10:54:05,169.5,1
10:54:00,169.5,4
10:53:55,169.5,2
10:53:50,169.5,1
10:53:45,169.0,3
10:53:40,169.5,9
10:53:35,169.5,12
10:53:30,169.5,2
10:53:20,169.5,4
10:53:15,169.5,1
10:53:10,169.5,13
10:53:05,169.5,9
10:53:00,169.5,3
10:52:55,169.5,2
10:52:50,169.5,3
10:52:45,169.5,4
10:52:40,169.5,2
10:52:35,169.5,3
10:52:30,169.5,8
10:52:25,169.5,12
10:52:20,169.5,7
10:52:15,169.5,13
10:52:10,169.0,4
10:52:05,169.5,1
10:52:00,169.5,2
10:51:55,169.0,8
10:51:50,169.5,59
10:51:45,169.0,26
10:51:40,169.5,13
10:51:35,169.0,5
10:51:30,169.5,8
10:51:25,169.0,60
10:51:20,169.5,7
10:51:15,169.5,6
10:51:10,169.5,9
10:51:05,169.5,3
10:51:00,169.5,10
10:50:55,169.0,9
10:50:50,169.5,2
10:50:45,169.5,6
10:50:40,169.0,2
10:50:35,169.5,8
10:50:30,169.5,9
10:50:20,169.5,12
10:50:15,169.0,31
10:50:10,169.0,16
10:50:00,169.5,2
10:49:45,169.0,5
10:49:40,169.5,5
10:49:35,169.0,14
10:49:30,169.0,14
10:49:25,169.0,4
10:49:20,169.5,2
10:49:15,169.5,10
10:49:10,169.5,14
10:49:05,169.0,11
10:49:00,169.5,14
10:48:55,169.5,9
10:48:50,169.5,8
10:48:45,169.5,13
10:48:40,169.5,26
10:48:35,169.5,7
10:48:30,169.5,4
10:48:25,169.5,6
10:48:15,169.0,2
10:48:10,169.5,15
10:48:05,169.0,2
10:48:00,169.5,4
10:47:55,169.5,13
10:47:50,169.5,13
10:47:45,169.5,4
10:47:40,169.5,2
10:47:35,169.5,8
10:47:30,169.5,59
10:47:25,169.5,4
10:47:20,169.5,4
10:47:15,169.5,5
10:47:10,169.5,2
10:47:05,169.5,4
10:47:00,169.5,23
10:46:55,169.5,11
10:46:50,169.5,6
10:46:45,169.5,4
10:46:40,169.5,8
10:46:35,169.0,17
10:46:30,169.0,10
10:46:25,169.0,29
10:46:20,169.0,21
10:46:15,169.0,9
10:46:10,169.0,35
10:46:05,169.0,4
10:46:00,169.0,16
10:45:55,169.0,59
10:45:50,169.5,21
10:45:45,169.5,4
10:45:40,169.5,8
10:45:35,169.0,16
10:45:30,169.5,5
10:45:25,169.5,2
10:45:20,169.0,18
10:45:15,169.5,27
10:45:10,169.0,10
10:45:05,169.0,15
10:45:00,169.0,23
10:44:55,169.0,30
10:44:50,169.0,17
10:44:45,169.0,15
10:44:40,169.0,70
10:44:35,169.0,192
10:44:30,169.0,333
10:44:20,169.5,9
10:44:15,169.5,12
10:44:10,169.5,11
10:44:00,169.5,7
10:43:55,170.0,2
10:43:50,169.5,4
10:43:45,169.5,1
10:43:40,169.5,12
10:43:35,169.5,41
10:43:30,169.5,180
10:43:25,169.5,5
10:43:20,169.5,5
10:43:15,170.0,6
10:43:05,169.5,3
10:43:00,169.5,6
10:42:55,169.5,2
10:42:50,169.5,2
10:42:45,169.5,4
10:42:40,169.5,5
10:42:35,169.5,14
10:42:30,169.5,106
10:42:20,170.0,1
10:42:15,169.5,3
10:42:10,169.5,11
10:42:05,169.5,5
10:42:00,169.5,12
10:41:55,170.0,5
10:41:50,170.0,12
10:41:45,169.5,1
10:41:40,169.5,10
10:41:35,170.0,12
10:41:30,169.5,4
10:41:25,170.0,3
10:41:20,169.5,2
10:41:15,170.0,2
10:41:10,170.0,11
10:41:05,169.5,2
10:41:00,169.5,21
10:40:55,169.5,69
10:40:50,169.5,206
10:40:45,169.5,71
10:40:40,169.5,32
10:40:35,169.5,64
10:40:30,169.5,35
10:40:25,169.5,36
10:40:20,169.5,29
10:40:15,169.5,30
10:40:10,169.5,54
10:40:05,169.5,48
10:40:00,169.5,32
10:39:55,169.5,65
10:39:50,169.5,251
10:39:45,169.0,525
10:39:40,169.5,4
10:39:35,169.0,12
10:39:30,169.0,3
10:39:25,169.5,6
10:39:20,169.5,2
10:39:15,169.0,10
10:39:10,169.5,96
10:39:05,169.5,6
10:39:00,169.0,17
10:38:55,169.5,13
10:38:50,169.0,27
10:38:45,169.0,54
10:38:40,169.0,17
10:38:35,169.0,115
10:38:30,169.0,73
10:38:25,169.0,9
10:38:20,169.5,4
10:38:15,169.0,11
10:38:10,169.0,38
10:38:05,169.5,22
10:38:00,169.0,6
10:37:55,169.0,10
10:37:50,169.0,46
10:37:45,169.0,13
10:37:40,169.0,41
10:37:35,169.0,41
10:37:30,169.5,22
10:37:25,169.5,5
10:37:20,169.0,17
10:37:15,169.0,4
10:37:10,169.0,2
10:37:05,169.5,44
10:37:00,169.0,9
10:36:55,169.0,45
10:36:50,169.5,27
10:36:45,169.0,60
10:36:40,169.5,20
10:36:35,169.5,17
10:36:30,169.0,16
10:36:25,169.0,15
10:36:20,169.0,7
10:36:15,169.5,10
10:36:10,169.5,27
10:36:05,169.5,22
10:36:00,169.0,10
10:35:55,169.0,67
10:35:50,169.5,16
10:35:45,169.5,39
10:35:40,169.0,14
10:35:35,169.5,11
10:35:30,169.0,33
10:35:25,169.5,14
10:35:20,169.0,13
10:35:15,169.5,7
10:35:10,169.5,16
10:35:05,169.5,28
10:35:00,169.5,22
10:34:55,169.0,25
10:34:50,169.0,11
10:34:45,169.5,427
10:34:40,169.5,68
10:34:35,169.5,21
10:34:30,169.5,25
10:34:25,169.5,18
10:34:20,169.5,51
10:34:15,169.5,131
10:34:10,169.5,106
10:34:05,169.5,386
10:34:00,169.5,109
10:33:55,169.5,80
10:33:50,169.5,184
10:33:45,169.5,78
10:33:40,169.5,2017
10:33:35,170.0,768
10:33:30,170.0,42
10:33:25,170.0,147
10:33:20,170.0,134
10:33:15,170.0,7
10:33:10,170.0,86
10:33:05,170.0,572
10:33:00,170.5,112
10:32:55,170.0,5
10:32:50,170.0,18
10:32:45,170.5,1
10:32:40,170.5,6
10:32:35,170.5,2
10:32:30,170.0,3
10:32:25,170.0,1
10:32:20,170.0,3
10:32:15,170.0,4
10:32:10,170.0,5
10:32:05,170.5,4
10:32:00,170.5,2
10:31:55,170.5,1
10:31:50,170.0,3
10:31:40,170.5,7
10:31:35,170.5,8
10:31:30,170.5,8
10:31:25,170.5,11
10:31:20,170.5,2
10:31:15,170.0,5
10:31:10,170.5,4
10:31:05,170.5,3
10:31:00,170.5,5
10:30:55,170.0,2
10:30:50,170.5,2
10:30:45,170.0,2
10:30:40,170.0,8
10:30:35,170.5,43
10:30:30,170.5,3
10:30:25,170.5,1
10:30:20,170.5,1
10:30:15,170.5,19
10:30:10,170.5,4
10:30:05,170.5,7
10:30:00,170.0,11
10:29:55,170.5,1
10:29:50,170.5,5
10:29:45,170.5,3
10:29:40,170.5,5
10:29:35,170.5,9
10:29:30,170.0,7
10:29:25,170.0,5
10:29:15,170.5,3
10:29:10,170.5,4
10:29:05,170.5,2
10:29:00,170.0,4
10:28:55,170.0,5
10:28:50,170.5,2
10:28:45,170.5,3
10:28:40,170.5,42
10:28:35,170.5,22
10:28:30,170.0,2
10:28:25,170.5,3
10:28:15,170.0,3
10:28:10,170.5,7
10:28:05,170.5,404
10:28:00,170.5,34
10:27:55,170.5,192
10:27:50,170.5,3
10:27:45,171.0,5
10:27:40,170.5,2
10:27:35,170.5,5
10:27:30,170.5,10
10:27:25,170.5,1
10:27:20,170.5,1
10:27:00,170.5,12
10:26:55,171.0,6
10:26:50,171.0,2
10:26:30,170.5,3
10:26:25,171.0,2
10:26:20,171.0,2
10:26:15,170.5,2
10:26:05,171.0,1
10:26:00,170.5,3
10:25:55,171.0,1
10:25:50,171.0,6
10:25:45,171.0,25
10:25:35,170.5,6
10:25:30,170.5,15
10:25:20,171.0,3
10:25:10,171.0,1
10:25:00,170.5,3
10:24:55,170.5,2
10:24:45,171.0,4
10:24:40,171.0,3
10:24:30,170.5,52
10:24:15,170.5,2
10:24:10,171.0,2
10:24:00,170.5,1
10:23:50,171.0,2
10:23:40,170.5,2
10:23:35,170.5,2
10:23:30,170.5,6
10:23:25,171.0,2
10:23:20,170.5,8
10:23:15,170.5,210
10:23:10,170.5,65
10:23:05,170.5,80
10:23:00,170.5,41
10:22:55,170.5,17
10:22:50,170.5,27
10:22:45,170.0,12
10:22:40,170.0,4
10:22:35,170.5,5
10:22:30,170.5,10
10:22:25,170.5,3
10:22:20,170.5,39
10:22:15,170.0,11
10:22:10,170.5,3
10:22:00,170.5,1
10:21:55,170.0,14
10:21:50,170.5,2
10:21:45,170.5,8
10:21:40,170.5,4
10:21:35,170.5,10
10:21:30,170.5,8
10:21:25,170.5,27
10:21:20,170.5,8
10:21:15,170.5,1
10:21:10,170.5,3
10:21:05,170.5,4
10:21:00,170.5,2
10:20:55,170.5,19
10:20:50,170.5,3
10:20:45,170.5,13
10:20:40,170.5,2
10:20:35,170.5,2
10:20:30,170.5,10
10:20:25,170.5,7
10:20:20,170.5,1
10:20:15,170.5,11
10:20:10,170.5,3
10:20:05,170.5,3
10:20:00,170.5,2
10:19:55,170.5,6
10:19:50,170.5,2
10:19:45,170.5,4
10:19:40,170.5,7
10:19:35,170.5,6
10:19:30,170.5,4
10:19:25,170.5,8
10:19:20,170.0,5
10:19:15,170.5,3
10:19:10,170.5,6
10:19:05,170.5,5
10:19:00,170.0,38
10:18:55,170.5,4
10:18:50,170.5,4
10:18:45,170.5,4
10:18:40,170.5,1
10:18:35,170.0,9
10:18:30,170.5,5
10:18:25,170.5,3
10:18:20,170.5,6
10:18:15,170.5,4
10:18:05,170.5,19
10:18:00,170.0,6
10:17:55,170.0,11
10:17:50,170.5,4
10:17:40,170.5,2
10:17:35,170.0,4
10:17:30,170.5,21
10:17:25,170.5,10
10:17:20,170.0,108
10:17:15,170.0,5
10:17:10,170.0,9
10:17:05,170.0,3
10:17:00,170.5,6
10:16:55,170.5,20
10:16:50,170.0,6
10:16:45,170.5,2
10:16:40,170.0,6
10:16:35,170.5,3
10:16:30,170.0,16
10:16:25,170.5,5
10:16:20,170.5,7
10:16:15,170.5,7
10:16:10,170.0,8
10:16:05,170.5,13
10:16:00,170.5,2
10:15:55,170.5,3
10:15:50,170.5,3
10:15:45,170.5,20
10:15:35,170.5,85
10:15:30,170.5,2
10:15:25,170.5,10
10:15:15,170.5,3
10:15:10,170.5,13
10:15:05,170.5,2
10:15:00,170.5,2
10:14:55,170.5,3
10:14:50,170.5,3
10:14:45,170.5,1
10:14:40,170.5,175
10:14:35,170.5,50
10:14:30,170.5,1
10:14:10,170.5,5
10:14:05,170.5,1
10:14:00,171.0,1
10:13:55,171.0,3
10:13:50,171.0,16
10:13:40,171.0,3
10:13:35,170.5,14
10:13:30,170.5,2
10:13:25,170.5,3
10:13:20,171.0,103
10:13:15,170.5,26
10:13:10,170.5,18
10:13:05,170.5,20
10:13:00,170.5,33
10:12:55,170.5,14
10:12:50,170.5,4
10:12:45,170.5,32
10:12:40,170.5,21
10:12:35,170.5,75
10:12:30,170.5,18
10:12:25,170.5,13
10:12:20,170.5,20
10:12:15,170.5,5
10:12:10,170.0,9
10:12:05,170.5,1
10:12:00,170.0,13
10:11:55,170.5,13
10:11:50,170.5,19
10:11:45,170.5,19
10:11:40,170.5,175
10:11:35,170.5,144
10:11:30,170.5,586
10:11:25,170.5,7
10:11:20,170.5,5
10:11:15,170.5,130
10:11:10,170.5,12
10:11:00,170.5,4
10:10:55,170.5,1
10:10:50,170.5,19
10:10:45,170.5,1
10:10:40,171.0,8
10:10:35,171.0,11
10:10:25,170.5,262
10:10:10,171.0,3
10:10:05,170.5,2
10:10:00,170.5,4
10:09:55,171.0,2
10:09:50,170.5,5
10:09:35,170.5,11
10:09:30,170.5,5
10:09:25,171.0,1
10:09:20,170.5,12
10:09:10,170.5,7
10:09:05,171.0,1
10:09:00,171.0,3
10:08:55,171.0,5
10:08:50,171.0,5
10:08:45,171.0,3
10:08:40,170.5,4
10:08:35,171.0,1
10:08:30,171.0,6
10:08:25,171.0,5
10:08:20,171.0,53
10:08:15,171.0,5
10:08:10,171.0,13
10:08:05,171.0,8
10:08:00,170.5,9
10:07:55,171.0,18
10:07:50,171.0,3
10:07:45,171.0,16
10:07:40,171.0,2
10:07:35,171.0,7
10:07:30,170.5,2
10:07:25,171.0,10
10:07:20,171.0,5
10:07:15,171.0,1
10:07:10,170.5,15
10:07:05,171.0,1
10:07:00,170.5,5
10:06:55,170.5,2
10:06:50,171.0,36
10:06:45,171.0,7
10:06:40,171.0,7
10:06:35,171.0,2
10:06:30,171.0,3
10:06:25,171.0,4
10:06:20,171.0,3
10:06:15,171.0,7
10:06:10,171.0,7
10:06:05,171.0,3
10:06:00,171.0,20
10:05:55,170.5,7
10:05:50,170.5,5
10:05:45,170.5,20
10:05:40,171.0,5
10:05:35,171.0,10
10:05:30,170.5,16
10:05:20,171.0,10
10:05:15,171.0,7
10:05:10,171.0,9
10:05:05,171.0,12
10:05:00,170.5,7
10:04:55,170.5,7
10:04:50,171.0,13
10:04:45,170.5,46
10:04:40,171.0,33
10:04:35,170.5,22
10:04:30,171.0,17
10:04:25,170.5,9
10:04:20,171.0,12
10:04:15,171.0,23
10:04:10,170.5,9
10:04:05,171.0,7
10:04:00,171.0,14
10:03:55,171.0,4
10:03:50,171.0,13
10:03:45,171.0,147
10:03:40,171.0,24
10:03:35,171.0,6
10:03:30,171.0,3
10:03:25,171.0,6
10:03:20,170.5,2
10:03:10,171.0,2
10:03:05,170.5,7
10:03:00,170.5,4
10:02:55,170.5,7
10:02:50,171.0,12
10:02:45,171.0,24
10:02:40,171.0,12
10:02:35,171.0,2
10:02:30,170.5,4
10:02:25,170.5,3
10:02:20,171.0,12
10:02:15,171.0,2
10:02:10,170.5,8
10:02:05,171.0,574
10:02:00,170.5,9
10:01:55,171.0,14
10:01:50,171.0,1
10:01:45,170.5,2
10:01:40,171.0,1
10:01:35,171.0,4
10:01:30,171.0,7
10:01:25,171.0,5
10:01:20,170.5,16
10:01:15,171.0,4
10:01:10,171.0,2
10:01:05,170.5,8
10:01:00,171.0,6
10:00:55,171.0,4
10:00:50,171.0,19
10:00:45,170.5,4
10:00:40,171.0,13
10:00:35,171.0,6
10:00:30,171.0,2
10:00:25,171.0,9
10:00:15,171.0,2
10:00:10,170.5,5
10:00:05,170.5,1
10:00:00,170.5,5
09:59:50,170.5,9
09:59:45,170.5,4
09:59:40,171.0,1
09:59:35,170.5,13
09:59:30,170.5,11
09:59:25,171.0,3
09:59:20,170.5,4
09:59:15,171.0,15
09:59:10,170.5,2
09:59:05,171.0,6
09:59:00,171.0,3
09:58:55,170.5,3
09:58:50,170.5,5
09:58:45,170.5,4
09:58:40,171.0,13
09:58:35,170.5,3
09:58:30,170.5,1
09:58:25,170.5,19
09:58:20,170.5,2
09:58:15,170.5,4
09:58:10,171.0,12
09:58:05,171.0,1
09:58:00,171.0,3
09:57:55,170.5,2
09:57:50,171.0,3
09:57:45,170.5,10
09:57:40,171.0,1
09:57:35,171.0,2
09:57:30,171.0,15
09:57:15,170.5,4
09:57:10,170.5,5
09:57:05,170.5,8
09:57:00,171.0,4
09:56:50,171.0,3
09:56:45,171.0,1
09:56:40,171.0,7
09:56:35,170.5,17
09:56:30,170.5,6
09:56:25,170.5,2
09:56:20,170.5,14
09:56:10,170.5,2
09:56:05,171.0,9
09:56:00,170.5,3
09:55:55,170.5,3
09:55:50,170.5,1
09:55:45,170.5,8
09:55:40,171.0,12
09:55:35,171.0,1
09:55:30,170.5,6
09:55:25,170.5,1
09:55:20,170.5,5
09:55:15,170.5,7
09:55:05,171.0,2
09:55:00,170.5,3
09:54:55,170.5,8
09:54:45,170.5,2
09:54:40,171.0,1
09:54:35,171.0,7
09:54:30,171.0,1
09:54:25,171.0,2
09:54:20,170.5,1
09:54:10,170.5,3
09:54:05,170.5,3
09:53:55,170.5,20
09:53:50,170.5,7
09:53:45,171.0,1
09:53:40,170.5,1
09:53:30,170.5,3
09:53:20,170.5,4
09:53:15,171.0,6
09:53:10,170.5,41
09:53:05,170.5,6
09:53:00,171.0,6
09:52:55,170.5,1
09:52:50,171.0,1
09:52:40,171.0,2
09:52:35,170.5,3
09:52:30,171.0,4
09:52:25,171.0,1
09:52:20,171.0,2
09:52:15,171.0,4
09:52:10,170.5,4
09:52:05,170.5,1
09:52:00,170.5,3
09:51:55,171.0,2
09:51:35,170.5,1
09:51:25,171.0,3
09:51:20,170.5,2
09:51:15,171.0,3
09:51:05,171.0,30
09:51:00,171.0,18
09:50:55,171.0,219
09:50:50,171.5,5
09:50:45,171.0,1
09:50:35,171.0,3
09:50:30,171.5,2
09:50:25,171.0,1
09:50:20,171.0,208
09:50:15,171.5,1
09:50:10,171.5,3
09:50:05,171.0,1
09:49:50,171.0,3
09:49:45,171.0,1
09:49:35,171.0,6
09:49:30,171.0,6
09:49:20,171.5,2
09:49:15,171.5,3
09:49:05,171.0,1
09:49:00,171.0,2
09:48:50,171.0,2
09:48:45,171.0,1
09:48:40,171.0,1
09:48:35,171.5,1
09:48:30,171.0,2
09:48:25,171.0,10
09:48:20,171.5,2
09:48:10,171.0,2
09:48:05,171.5,2
09:48:00,171.0,3
09:47:55,171.0,19
09:47:50,171.0,422
09:47:45,171.0,6
09:47:40,171.0,7
09:47:35,171.0,11
09:47:30,170.5,15
09:47:25,171.0,2
09:47:15,171.0,4
09:47:05,171.0,3
09:47:00,171.0,12
09:46:55,171.0,3
09:46:50,171.0,6
09:46:45,171.0,4
09:46:40,171.0,2
09:46:35,171.0,17
09:46:30,170.5,1
09:46:25,170.5,2
09:46:20,171.0,11
09:46:15,171.0,5
09:46:10,171.0,13
09:46:05,171.0,11
09:46:00,171.0,1
09:45:55,171.0,3
09:45:45,171.0,5
09:45:40,170.5,1
09:45:35,170.5,1
09:45:30,171.0,3
09:45:25,170.5,1
09:45:20,170.5,29
09:45:15,171.0,2
09:45:10,171.0,1
09:45:05,171.0,2
09:45:00,171.0,338
09:44:55,171.0,23
09:44:50,171.0,179
09:44:45,171.0,67
09:44:40,171.0,316
09:44:35,171.0,119
09:44:30,171.0,8
09:44:25,171.0,102
09:44:20,171.0,2
09:44:15,171.5,2
09:44:10,171.0,6
09:44:05,171.0,10
09:44:00,171.0,4
09:43:55,171.0,12
09:43:50,171.0,5
09:43:45,171.0,3
09:43:40,171.5,9
09:43:35,171.5,8
09:43:30,171.0,5
09:43:25,171.0,56
09:43:20,171.0,68
09:43:15,171.5,5
09:43:10,171.0,578
09:43:05,171.5,6
09:42:55,171.5,1
09:42:50,172.0,1
09:42:45,172.0,1
09:42:40,171.5,1
09:42:35,172.0,2
09:42:30,172.0,2
09:42:25,172.0,1
09:42:20,172.0,3
09:42:10,172.0,1
09:42:00,171.5,1
09:41:40,171.5,2
09:41:35,171.5,1
09:41:30,171.5,4
09:41:25,171.5,3
09:41:05,171.5,1
09:41:00,171.5,1
09:40:55,172.0,1
09:40:50,172.0,2
09:40:40,172.0,6
09:40:35,171.5,1
09:40:30,171.5,4
09:40:25,171.5,24
09:40:20,171.5,2
09:40:15,172.0,1
09:40:10,172.0,10
09:40:05,172.0,1
09:40:00,172.0,1
09:39:55,172.0,6
09:39:50,172.0,7
09:39:45,172.0,1
09:39:40,171.5,13
09:39:35,172.0,632
09:39:30,172.0,30
09:39:25,172.5,1
09:39:20,172.0,3
09:39:15,172.5,3
09:39:10,172.0,8
09:39:00,172.5,11
09:38:55,172.5,7
09:38:50,172.0,3
09:38:45,172.5,5
09:38:40,172.0,5
09:38:35,172.0,5
09:38:30,172.5,1
09:38:25,172.0,1
09:38:20,172.5,2
09:38:15,172.0,2
09:38:10,172.5,4
09:38:05,172.0,2
09:38:00,172.0,6
09:37:55,172.5,3
09:37:50,172.5,9
09:37:40,172.5,3
09:37:35,172.0,7
09:37:30,172.5,1
09:37:25,172.0,2
09:37:20,172.5,2
09:37:15,172.5,7
09:37:10,172.0,4
09:37:05,172.0,2
09:37:00,172.0,10
09:36:55,172.5,5
09:36:50,172.5,4
09:36:40,172.5,3
09:36:35,172.5,1
09:36:30,172.5,1
09:36:25,172.5,8
09:36:20,172.5,2
09:36:15,172.5,3
09:36:10,172.0,3
09:36:05,172.5,8
09:36:00,172.5,1
09:35:55,172.0,91
09:35:50,172.0,24
09:35:45,172.0,9
09:35:40,172.0,14
09:35:35,172.0,167
09:35:30,172.0,287
09:35:25,172.0,43
09:35:20,172.0,10
09:35:15,172.0,20
09:35:10,172.0,12
09:35:05,172.0,315
09:35:00,171.5,6
09:34:55,172.0,2
09:34:50,171.5,2
09:34:45,172.0,1
09:34:40,171.5,1
09:34:30,171.5,6
09:34:25,172.0,2
09:34:20,172.0,2
09:34:15,172.0,61
09:34:10,172.0,8
09:34:05,172.0,8
09:34:00,172.0,23
09:33:55,172.0,10
09:33:50,172.0,19
09:33:45,171.5,209
09:33:40,172.0,2
09:33:35,172.0,5
09:33:25,172.0,11
09:33:20,172.0,2
09:33:15,172.0,1
09:33:10,171.5,1
09:33:05,172.0,7
09:33:00,171.5,5
09:32:55,172.0,4
09:32:50,172.0,3
09:32:45,172.0,1
09:32:40,171.5,3
09:32:35,171.5,2
09:32:30,172.0,1
09:32:25,172.0,4
09:32:20,172.0,8
09:32:15,172.0,4
09:32:10,171.5,17
09:32:05,172.0,4
09:32:00,171.5,6
09:31:55,172.0,2
09:31:50,172.0,5
09:31:40,172.0,7
09:31:35,171.5,3
09:31:25,171.5,2
09:31:20,171.5,3
09:31:15,172.0,7
09:31:10,172.0,5
09:31:05,171.5,2
09:31:00,172.0,3
09:30:55,172.0,11
09:30:50,171.5,6
09:30:45,171.5,1
09:30:40,171.5,86
09:30:35,172.0,14
09:30:30,171.5,8
09:30:25,171.5,1
09:30:20,172.0,4
09:30:15,172.0,5
09:30:10,171.5,13
09:30:05,172.0,10
09:30:00,172.0,14
09:29:55,172.0,8
09:29:50,172.0,19
09:29:45,172.0,5
09:29:40,171.5,4
09:29:35,172.0,11
09:29:30,172.0,4
09:29:25,172.0,1
09:29:20,172.0,3
09:29:15,171.5,5
09:29:10,171.5,4
09:29:05,172.0,4
09:29:00,172.0,9
09:28:55,172.0,4
09:28:50,172.0,8
09:28:45,172.0,2
09:28:40,172.0,8
09:28:35,172.0,3
09:28:30,172.0,9
09:28:25,172.0,3
09:28:20,171.5,10
09:28:15,172.0,5
09:28:10,172.0,2
09:28:05,172.0,1
09:28:00,172.0,22
09:27:55,172.0,6
09:27:50,172.0,4
09:27:45,172.0,9
09:27:40,172.0,12
09:27:35,172.0,10
09:27:30,172.0,8
09:27:25,172.0,3
09:27:20,172.0,23
09:27:15,172.0,20
09:27:10,172.0,41
09:27:05,172.0,6
09:27:00,172.0,35
09:26:55,172.0,7
09:26:50,172.0,3
09:26:45,172.0,6
09:26:40,171.5,156
09:26:35,171.5,30
09:26:30,171.5,16
09:26:25,171.5,48
09:26:20,171.5,7
09:26:15,171.5,13
09:26:10,171.5,8
09:26:05,171.5,1
09:26:00,171.5,7
09:25:55,171.5,7
09:25:50,171.5,3
09:25:45,171.5,6
09:25:40,171.0,22
09:25:35,171.0,1
09:25:30,171.0,731
09:25:25,170.5,8
09:25:20,170.5,9
09:25:15,170.5,7
09:25:10,170.5,96
09:25:05,170.5,12
09:25:00,171.0,4
09:24:55,170.5,7
09:24:50,171.0,7
09:24:45,170.5,2
09:24:40,171.0,7
09:24:35,170.5,3
09:24:30,171.0,7
09:24:25,170.5,8
09:24:20,170.5,6
09:24:15,171.0,8
09:24:10,171.0,10
09:24:05,171.0,7
09:24:00,170.5,8
09:23:55,171.0,13
09:23:45,171.0,10
09:23:40,171.0,7
09:23:35,170.5,11
09:23:30,171.0,15
09:23:25,171.0,3
09:23:20,170.5,6
09:23:15,171.0,8
09:23:10,171.0,4
09:23:05,171.0,1
09:23:00,171.0,4
09:22:50,171.0,10
09:22:45,171.0,113
09:22:40,170.5,1
09:22:35,171.0,15
09:22:30,171.0,4
09:22:25,170.5,2
09:22:20,171.0,1
09:22:15,170.5,1
09:22:10,170.5,2
09:22:05,170.5,3
09:22:00,170.5,2
09:21:55,171.0,4
09:21:50,171.0,2
09:21:45,170.5,1
09:21:40,170.5,2
09:21:35,170.5,6
09:21:30,170.5,2
09:21:25,170.5,101
09:21:20,171.0,3
09:21:15,170.5,3
09:21:10,170.5,3
09:21:05,171.0,5
09:21:00,171.0,1
09:20:55,171.0,40
09:20:50,170.5,6
09:20:45,170.5,3
09:20:40,171.0,3
09:20:30,170.5,11
09:20:25,170.5,3
09:20:20,170.5,2
09:20:15,171.0,88
09:20:10,171.0,6
09:20:05,171.0,2
09:19:55,171.0,12
09:19:50,171.0,55
09:19:45,171.0,1
09:19:40,170.5,17
09:19:35,171.0,10
09:19:30,170.5,4
09:19:25,170.5,49
09:19:20,170.5,6
09:19:15,171.0,17
09:19:10,171.0,6
09:19:05,171.0,7
09:19:00,171.0,25
09:18:55,170.5,22
09:18:50,171.0,12
09:18:45,171.0,13
09:18:40,171.0,29
09:18:35,171.0,5
09:18:30,171.0,9
09:18:25,171.0,12
09:18:20,171.0,19
09:18:15,171.0,6
09:18:10,170.5,7
09:18:05,171.0,7
09:18:00,171.0,13
09:17:55,171.0,3
09:17:50,171.0,8
09:17:45,171.0,55
09:17:40,170.5,6
09:17:35,170.5,37
09:17:30,170.5,26
09:17:25,170.5,2
09:17:20,170.5,6
09:17:15,170.5,1
09:17:10,171.0,15
09:17:05,170.5,4
09:17:00,170.5,1
09:16:50,171.0,5
09:16:45,171.0,5
09:16:40,171.0,11
09:16:35,171.0,3
09:16:30,170.5,6
09:16:25,170.5,9
09:16:20,170.5,2
09:16:15,170.5,26
09:16:10,170.5,72
09:16:05,170.5,102
09:16:00,170.5,197
09:15:55,170.5,2
09:15:50,170.5,8
09:15:45,170.0,11
09:15:40,170.5,6
09:15:35,170.0,15
09:15:30,170.5,8
09:15:25,170.0,37
09:15:20,170.5,30
09:15:15,170.0,4
09:15:10,170.5,12
09:15:05,170.5,9
09:15:00,170.5,20
09:14:55,170.5,8
09:14:50,170.5,6
09:14:45,170.5,4
09:14:40,170.5,7
09:14:35,170.5,24
09:14:30,170.5,29
09:14:25,170.5,36
09:14:20,170.5,9
09:14:15,170.5,7
09:14:10,170.5,18
09:14:05,170.5,14
09:14:00,170.5,30
09:13:55,170.5,37
09:13:50,170.5,20
09:13:45,170.5,26
09:13:40,170.5,31
09:13:35,170.5,81
09:13:30,170.5,81
09:13:25,170.5,12
09:13:20,170.5,10
09:13:15,170.5,6
09:13:10,170.5,37
09:13:05,170.5,22
09:13:00,170.5,22
09:12:55,170.5,38
09:12:50,170.5,12
09:12:45,171.0,123
09:12:40,170.5,5
09:12:35,170.5,92
09:12:30,170.5,46
09:12:25,170.5,48
09:12:20,170.5,40
09:12:15,170.5,14
09:12:10,170.5,52
09:12:05,170.5,24
09:12:00,170.5,1092
09:11:55,170.5,189
09:11:50,170.5,19
09:11:45,170.0,22
09:11:40,170.5,216
09:11:35,171.0,11
09:11:30,170.5,8
09:11:25,170.5,2
09:11:20,170.5,34
09:11:15,170.5,11
09:11:10,170.5,14
09:11:05,170.5,12
09:11:00,170.5,109
09:10:55,170.5,39
09:10:50,170.5,125
09:10:45,170.5,12
09:10:40,171.0,278
09:10:35,170.5,835
09:10:30,170.5,108
09:10:25,171.0,21
09:10:20,171.0,7
09:10:15,171.0,16
09:10:10,171.0,2307
09:10:05,172.0,1
09:10:00,172.0,8
09:09:55,172.0,11
09:09:50,172.0,8
09:09:45,172.0,5
09:09:40,171.5,13
09:09:35,172.0,18
09:09:30,172.0,21
09:09:25,172.0,9
09:09:20,171.5,17
09:09:15,172.0,8
09:09:10,172.0,6
09:09:05,171.5,2
09:09:00,172.0,8
09:08:55,172.0,21
09:08:50,172.0,186
09:08:45,172.0,5
09:08:40,172.0,675
09:08:35,172.0,57
09:08:30,172.0,6
09:08:25,172.0,3
09:08:20,172.0,6
09:08:15,172.0,4
09:08:10,172.0,7
09:08:05,172.0,5
09:08:00,171.5,36
09:07:55,172.0,46
09:07:50,172.0,7
09:07:45,171.5,6
09:07:40,171.5,1
09:07:35,172.0,62
09:07:30,171.5,110
09:07:25,171.5,11
09:07:20,171.5,19
09:07:15,171.5,50
09:07:10,172.0,13
09:07:05,171.5,122
09:07:00,171.5,10
09:06:55,171.5,28
09:06:50,172.0,119
09:06:45,171.5,16
09:06:40,171.5,11
09:06:35,171.5,26
09:06:30,171.5,14
09:06:25,171.5,18
09:06:20,171.5,20
09:06:15,171.5,13
09:06:10,171.5,15
09:06:05,171.5,11
09:06:00,171.5,20
09:05:55,171.5,31
09:05:50,171.5,104
09:05:45,171.5,22
09:05:40,171.5,24
09:05:35,171.5,25
09:05:30,171.5,31
09:05:25,171.5,24
09:05:20,171.5,19
09:05:15,171.5,19
09:05:10,171.5,26
09:05:05,171.0,15
09:05:00,171.0,40
09:04:55,171.5,12
09:04:50,171.5,5
09:04:45,171.0,9
09:04:40,171.5,23
09:04:35,171.5,14
09:04:30,171.0,39
09:04:25,171.0,67
09:04:20,171.5,40
09:04:15,171.5,285
09:04:10,172.0,46
09:04:05,171.5,32
09:04:00,171.5,20
09:03:55,172.0,24
09:03:50,172.0,3
09:03:45,171.5,18
09:03:40,171.5,16
09:03:35,172.0,2
09:03:30,172.0,27
09:03:25,171.5,17
09:03:20,171.0,38
09:03:15,171.5,36
09:03:10,171.5,41
09:03:05,171.5,46
09:03:00,171.5,31
09:02:55,171.5,39
09:02:50,171.5,19
09:02:45,171.5,11
09:02:40,171.5,21
09:02:35,171.0,25
09:02:30,171.0,13
09:02:25,171.0,107
09:02:20,171.5,24
09:02:15,171.0,40
09:02:10,171.0,39
09:02:05,171.0,47
09:02:00,171.0,136
09:01:55,171.5,394
09:01:50,171.0,41
09:01:45,171.0,548
09:01:40,172.0,41
09:01:35,172.0,567
09:01:30,172.5,52
09:01:25,172.5,60
09:01:20,172.5,34
09:01:15,172.5,81
09:01:10,172.5,49
09:01:05,172.5,70
09:01:00,172.5,58
09:00:55,172.5,61
09:00:50,172.5,33
09:00:45,172.5,31
09:00:40,172.5,118
09:00:35,172.5,20
09:00:30,172.5,32
09:00:25,172.5,34
09:00:20,172.5,224
09:00:15,172.5,110
09:00:10,172.5,97
09:00:05,173.0,129
09:00:00,172.5,112
N/A,N/A,N/A
N/A,N/A,N/A
N/A,N/A,N/A
N/A,N/A,N/A
N/A,N/A,N/A
N/A,N/A,N/A
N/A,N/A,N/A
N/A,N/A,N/A
N/A,N/A,N/A
N/A,N/A,N/A
N/A,N/A,N/A
N/A,N/A,N/A
N/A,N/A,N/A
N/A,N/A,N/A
N/A,N/A,N/A
N/A,N/A,N/A
N/A,N/A,N/A
N/A,N/A,N/A
N/A,N/A,N/A
N/A,N/A,N/A
N/A,N/A,N/A
N/A,N/A,N/A
N/A,N/A,N/A
N/A,N/A,N/A
N/A,N/A,N/A
N/A,N/A,N/A
N/A,N/A,N/A
N/A,N/A,N/A
